@misc{loop, url={http://www.f-lohmueller.de/pov_tut/loop/povlup7e.htm}, journal={About Loops and POV-Ray - For Loops and While Loops}, author={Lohmueller, Friedrich A.}}

@misc{circular, url={http://www.f-lohmueller.de/pov_tut/loop/povlup2e.htm}, journal={About Loops and POV-Ray - Circular Transformations}, author={Lohmueller, Friedrich}}

@misc{wikipedia_2021, title={Neon Genesis Evangelion}, url={https://en.wikipedia.org/wiki/Neon_Genesis_Evangelion}, journal={Wikipedia}, publisher={Wikimedia Foundation}, year={2021}, month={Dec}}

@misc{myanimelist.net, title={Neon Genesis Evangelion}, url={https://myanimelist.net/anime/30/Neon_Genesis_Evangelion}, journal={MyAnimeList.net}}

@misc{13_2021, title={Shinji Holding a Mug}, url={https://knowyourmeme.com/memes/shinji-holding-a-mug}, journal={Know Your Meme}, author={13, AddedApr}, year={2021}, month={Nov}}

@misc{glasses, title={Gendo's Glasses (Neon Genesis Evangelion)}, url={https://anime-glasses.fandom.com/wiki/Gendo's_Glasses_(Neon_Genesis_Evangelion)}, journal={Anime Glasses Wiki}}

@misc{pov, title={POV-Ray}, url={https://vi.wikipedia.org/wiki/POV-Ray}, journal={Wikipedia}, publisher={Wikimedia Foundation}, year={2021}, month={Mar}}

@misc{intersection, url={http://www.f-lohmueller.de/pov_tut/csg/povcsg4e.htm}, journal={csg tutorial - Constructive Solid Geometry with POV-Ray - part IV}, author={Lohmueller, Friedrich A.}}

@misc{difference, url={http://www.f-lohmueller.de/pov_tut/csg/povcsg3e.htm}, journal={csg tutorial - Constructive Solid Geometry with POV-Ray - part 3}, author={Lohmueller, Friedrich A.}}

@misc{union, url={http://www.f-lohmueller.de/pov_tut/csg/povcsg2e.htm}, journal={csg tutorial - Constructive Solid Geometry with POV-Ray - part II}, author={Lohmueller, Friedrich A.}}

@misc{povray, title={Ray: Documentation: 2.2.2.8 User Defined Macros}, url={https://www.povray.org/documentation/view/3.7.0/243/}, journal={POV}}